@misc{sdl,
   title = {Simple DirectMedia Layer - Homepage},
   url = {https://www.libsdl.org/}
}
@misc{learnopengl,
   title = {Learn OpenGL - Home},
   url = {https://learnopengl.com/}
}

